<record><leader>00000cas a22000007a 4500</leader><controlfield tag="001">21666842</controlfield><controlfield tag="008">900601d19791980nhuwr ne      0    0eng d</controlfield><datafield ind1=" " ind2=" " tag="010"><subfield code="a">sn 90062102 </subfield></datafield><datafield ind1=" " ind2=" " tag="040"><subfield code="a">NVH</subfield><subfield code="b">eng</subfield><subfield code="c">NVH</subfield><subfield code="d">OCLCQ</subfield></datafield><datafield ind1=" " ind2=" " tag="042"><subfield code="a">msc</subfield></datafield><datafield ind1="0" ind2=" " tag="130"><subfield code="a">Hanover gazette (Lebanon, N.H.)</subfield></datafield><datafield ind1="1" ind2="0" tag="245"><subfield code="a">Hanover gazette.</subfield></datafield><datafield ind1=" " ind2=" " tag="260"><subfield code="a">Lebanon, N.H. :</subfield><subfield code="b">Connecticut Valley Pub. Co.</subfield></datafield><datafield ind1=" " ind2=" " tag="300"><subfield code="a">v.</subfield></datafield><datafield ind1=" " ind2=" " tag="310"><subfield code="a">Weekly</subfield></datafield><datafield ind1="0" ind2=" " tag="362"><subfield code="a">Vol. 14, no. 32 (Aug. 9, 1979)-v. 15, no. 4 (Jan. 31, 1980).</subfield></datafield><datafield ind1=" " ind2=" " tag="752"><subfield code="a">United States</subfield><subfield code="b">New Hampshire</subfield><subfield code="c">Grafton</subfield><subfield code="d">Lebanon.</subfield></datafield><datafield ind1="0" ind2="0" tag="780"><subfield code="t">Granite state gazette, Mascoma week</subfield><subfield code="w">(DLC)sn 90062028</subfield></datafield><datafield ind1="0" ind2="0" tag="785"><subfield code="t">Gazette (Lyme, N.H.)</subfield><subfield code="w">(DLC)sn 90062033</subfield></datafield></record>